@article{Zhang2012,
author = {Zhang, Hui and Zhang, Lingtao and Zhao, Ming and Liu, Jian},
file = {:Users/tt/Google Drive/Kandidat speciale/Artikler/A Fast Binocular Vision Stereo Matching Algorithm.pdf:pdf},
isbn = {0086242469096},
pages = {1179--1183},
title = {{A Fast Binocular Vision Stereo Matching Algorithm}},
year = {2012}
}
