@BOOKLET{Madsen2010,
  author = {Madsen, Lars},
  title = {Introduktion til {LaTeX}},
  year = {2010},
  howpublished = {\url{http://www.imf.au.dk/system/latex/bog/}}
 }
 
@MISC{Oetiker2010,
  author = {Oetiker, Tobias},
  title = {The Not So Short A Introduction to {LaTeX2e}},
  year = {2010},
  howpublished = {\url{http://tobi.oetiker.ch/lshort/lshort.pdf}}
 }
 
@BOOK{Mittelbach2005,
  author = {Mittelbach, Frank},
  edition = {2. ed.},
  publisher = {Addison-Wesley},
  title = {The LATEX companion},
  year = 2005
}

@MISC{lit:Stereovision3d,
	title = "{What is stereo vision?}",
	author = "{Optometrists network}",
  year = {2016},
  howpublished = {\url{http://www.vision3d.com/stereo.html}}
}

@MISC{lit:historyofstereophoto,
	title = "{The History of Stereo Photography}",
	author = "{The Turing Institute}",
  year = {1996},
  howpublished = {\url{http://www.arts.rpi.edu/~ruiz/stereo_history/text/historystereog.html}}
}

@BOOK{gajski2009,
  author = {D. Gajski, Daniel and Abdi, Daniel and Gerstlauer, Andreas and Schirner, Gunar},
  publisher = {Springer},
  title = "{Embedded System Design - Modeling, Synthesis and Verification}",
  year = 2009
}

@BOOK{Wanhammer1999,
  author = {Wanhammer, Lars},
  publisher = {Academic Press},
  title = "{DSP Integrated Circuits}",
  year = 1999
}

@BOOK{Szeliski2010,
  author = {Szeliski, Richard},
  publisher = {Springer},
  title = "{Computer Vision: Algorithms and Applications}",
  year = 2010
}

@MISC{Mattoccia2013,
	title = "{Stereo Vision: Algorithms and applications}",
	author = {Mattoccia, Stefano},
  year = {2013},
  howpublished = {\url{http://www.vision.deis.unibo.it/smatt/Seminars/StereoVision.pdf}}
}

@MISC{middlebury2016,
	title = "{vision.middlebury.edu/stereo}",
	author = {Scharstein, Daniel and Szeliski, Richard and Hirschmüller, Heiko},
  year = {2016},
  howpublished = {\url{vision.middlebury.edu/stereo}}
}

@article{Scharstein2002,
    author  = "Scharstein, D. and Szeliski, R.",
    title   = "A taxonomy and evaluaiton of dense two-frame stereo correspondence alogrithms",
    year    = "2002",
    journal = "International Journal of Computer Vision",
    volume  = "47",
    number  = "1/2/3",
    pages   = "7--42",
    month = "April-June"
}

@article{Scharstein2003,
    author  = "Scharstein, D. and Szeliski, R.",
    title   = "High-accuracy stereo depth maps using structured light",
    year    = "2003",
    journal = "IEEE Computer Society Conference on Computer Vision and Pattern Recognition (CVPR 2003)",
    volume  = "1",
    month = "June",
    pages   = "195--202"
}

@article{Scharstein2014,
    author  = "Scharstein, D. and Szeliski, R. and Hirschmüller, H. and Kitajima, Y. and Krathwohl, G. and Nesic, N. and Wang, X. and Westling, P.",
    title   = "High-resolution stereo datasets with subpixel-accurate ground truth",
    month = "September",
    year    = "2014",
    journal = "German Conference on Pattern Recognition (GCPR 2014)"
}

@article{chambon2005colour,
  title={Colour correlation-based matching},
  author="Chambon, Sylvie and Crouzil, Alain",
  journal={International Journal of Robotics and Automation},
  volume={20},
  number={2},
  pages={78--85},
  year={2005}
}

@article{huq2013occlusion,
  title={Occlusion filling in stereo: Theory and experiments},
  author={Huq, Shafik and Koschan, Andreas and Abidi, Mongi},
  journal={Computer Vision and Image Understanding},
  volume={117},
  number={6},
  pages={688--704},
  year={2013},
  publisher={Elsevier}
}